 % Exemple d'URL
 
 %@misc{bworld,
 %author = {Ingo Lütkebohle},
 %title = {{BWorld Robot Control Software}},
 %howpublished = "\url{http://aiweb.techfak.uni-bielefeld.de/content/bworld-robot-control-software/}",
 %year = {2008}, 
 %note = "[Online; accessed 19-July-2008]…
 
 
@misc{Dubreucq2011,
 author = {Dubreucq, Martine},
 title = {{L'évaluation à l'aune de la distance}},
 howpublished = "\url{http://cursus.edu.proxy.bibliotheques.uqam.ca:2048/article/4636/evaluation-aune-distance/#.Vu_9Npf57wA}. En ligne; consulté le 21 mars 2016",
 year = {2011, 2012}, 
 note = "[En ligne; consulté le 21 mars 2016]''
 }
 @article{bergadaa2008relation,
  title={La relation {\'e}thique-plagiat dans la r{\'e}alisation des travaux personnels par les {\'e}tudiants},
  author={Bergada{\`a}, Michelle and Dell'Ambrogio, Piera and Falquet, Gilles and Mc Adam, Daisy and Peraya, Daniel and Scariati, Renato},
  year={2008},
  publisher={Universit{\'e} de Gen{\`e}ve, Commission Ethique-Plagiat}
}
howpublished = "\url{http://archive-ouverte.unige.ch/unige:6338}. En ligne; consulté le 21 mars 2016",
}
@misc{Lamontagne2013,
 author = {Lamontagne, Denys},
 title = {{Évaluations en ligne : franchir la distance de la feuille à l’écran.}},
 howpublished = "\url{http://cursus.edu.proxy.bibliotheques.uqam.ca:2048/article/20837/evaluations-ligne-franchir-distance-feuille-ecran/#.VvAQOZf57wD}. En ligne; consulté le 21 mars 2016",
 year = {2013, 2013}, 
 note = "[En ligne; consulté le 21 mars 2016]''
 }
 
@BOOK{NorthCarolina2013,
AUTHOR    = {{North Carolina Department of Public Instruction}}, 
TITLE     = {Online Assessments Best Practices Guide, Support for As and Charter Schools in the Transition to Online Summative Assessments},
YEAR      = {2013},
}
@misc{Stansbury2013A,
 author = {Stansbury, Meris},
 title = {{What tech leaders need to know about online assessments part 1 }},
 howpublished = "\url{http://www.eschoolnews.com/2013/10/17/online-assessments-implementation-179/}. En ligne; consulté le 21 mars 2016",
 year = {2013}, 
 note = "[En ligne; consulté le 21 mars 2016]''
 }
 @misc{Stansbury2013B,
 author = {Stansbury, Meris},
 title = {{What tech leaders need to know about online assessments part 2 }},
 howpublished = "\url{http://www.eschoolnews.com/2013/10/17/online-assessments-implementation-179/2/}. En ligne; consulté le 21 mars 2016",
 year = {2013}, 
 note = "[En ligne; consulté le 21 mars 2016]''
 }
  @misc{Stansbury2013C,
 author = {Stansbury, Meris},
 title = {{What tech leaders need to know about online assessments part 3 }},
 howpublished = "\url{http://www.eschoolnews.com/2013/10/17/online-assessments-implementation-179/3/}. En ligne; consulté le 21 mars 2016",
 year = {2013}, 
 note = "[En ligne; consulté le 21 mars 2016]''
 }
 @book{black2004,
  title={Working inside the black box: Assessment for learning in the classroom},
  author={Black, Paul and Harrison, Christine and Lee, Clare},
  year={2004},
  publisher={Granada Learning}
}
 @misc{Missaoui2013,
 author = {Missaoui, Om El Khir},
 title = {{Livre blanc sur l'évaluation en ligne}},
 howpublished = "\url{http://cursus.edu.proxy.bibliotheques.uqam.ca:2048/dossiers-articles/articles/20841/livre-blanc-sur-evaluation-ligne/#.VvA3R5f57wA}. En ligne; consulté le 21 mars 2016",
 year = {2013}, 
 note = "[En ligne; consulté le 21 mars 2016]''
}
@BOOK{itslearning2012a,
AUTHOR    = {itslearning}, 
EDITOR    = {itslearning},
TITLE     = {Livre blanc : gérer l'évaluation au service de l'apprentissage},
PUBLISHER = {itslearning},
YEAR      = {2012},
}
@article{buzzetto2006a,
  title={Best practices in e-assessment},
  author={Buzzetto-More, Nicole A and Alade, Ayodele Julius},
  journal={Journal of Information Technology Education},
  volume={5},
  number={1},
  pages={251--269},
  year={2006},
  publisher={Informing Science Institute}
  howpublished = "\url{howpublished = "\url{http://www.eschoolnews.com/2013/10/17/online-assessments-implementation-179/3/}. En ligne; consulté le 21 mars 2016",}. En ligne; consulté le 21 mars 2016",
}
@article{audet2011a,
  title={Les pratiques et d{\'e}fis de l’{\'e}valuation en ligne},
  author={Audet, Lucie},
  journal={Montr{\'e}al: REFAD},
  year={2011}
}
 @misc{OLC2015a,
 author = {{Online Learning Consortium}},
 title = {{Online Report Card – Tracking Online Education in the United States}},
 howpublished = "\url{http://onlinelearningconsortium.org/read/online-report-card-tracking-online-education-united-states-2015/}. En ligne; consulté le 22 mars 2016",
 year = {2015}, 
 note = "[En ligne; consulté le 21 mars 2016]''
 }
  @misc{sofad2015a,
 author = {{SOFAD (Société de formation à distance des commissions scolaires du Québec)}},
 title = {{La formation à distance au secondaire. Portrait 2013-2014.}},
 howpublished = "\url{http://www.sofad.qc.ca/fr/actualites/nouvelles-1/formation-distance-secondaire-portrait-2013-2014-61.php}. En ligne; consulté le 22 mars 2016",
 year = {2015}, 
 note = "[En ligne; consulté le 21 mars 2016]''
 }
   @misc{is2015a,
 author = {{Institut de la statistique}},
 title = {{Population du Québec, 1971-2015}},
 howpublished = "\url{http://www.stat.gouv.qc.ca/statistiques/population-demographie/structure/qc_1971-20xx.htm}. En ligne; consulté le 22 mars 2016",
 year = {2015}, 
 note = "[En ligne; consulté le 21 mars 2016]''
 }
 @article{dirks1998a,
  title={How Is Assessment Being Done in Distance Learning?},
  author={Dirks, Matthew},
  year={1998},
  publisher={ERIC}
}
   @misc{becta2006a,
 author = {{British Educational Communications and Technology Agency}},
 title = {{Becta's View. E-assessment and e-portfolios}},
 howpublished = "\url{http://www.marchmont.ac.uk/Documents/Projects/becta/becta-e-assessment&e-portfolios.pdf}. En ligne; consulté le 22 mars 2016",
 year = {2006}, 
 note = "[En ligne; consulté le 21 mars 2016]''
}
@article{whitelock2006a,
  title={Roadmap for e-Assessment Report for JISC},
  author={Whitelock, D and Brasher, A},
  journal={Retrieved February},
  volume={2},
  pages={2008},
  year={2006}
}

@BOOK{jisc2007a,
AUTHOR    = {{Joint Information System Committee (JISC)}}, 
EDITOR    = {{Higher Education
Funding Council for England (HEFCE)}},
TITLE     = {Effective Practice with e-Assessment : An overview of technologies, policies and practice in further and higher education},
PUBLISHER = {Higher Education
Funding Council for England (HEFCE)},
YEAR      = {2007},
}
@article{astin1992a,
  title={Nine principles of good practice for assessing student learning},
  author={Astin, Alexander W and Banta, Trudy W and Cross, K Patricia and El-Khawas, Elaine and Ewell, Peter T and Hutchings, Pat and Marchese, T and McClenney, K and Mentkowski, Marcia and Miller, M and others},
  journal={American Association for Higher Learning},
  year={1992}
}
@article{angelo1996a,
  title={Relating exemplary teaching to student learning},
  author={Angelo, Thomas A},
  journal={New directions for teaching and learning},
  volume={1996},
  number={65},
  pages={ 57--64},
  year={1996},
  publisher={Wiley Online Library}
}
@article{authority2014a,
  title={E-Assessment: Guide to effective practice},
  author={{Authority, Scottish Qualifications and Others}},
  year={2014},
  publisher={SQA}
}
@unpublished{ISO2008a,
  title={Revised comments on e-Assessment},
  author={{ISO/IEC JTC1 SC36 Information Technology for Learning, Education, and Training, WG5 : Quality Assurance and Descriptive Frameworks}},
  year={2008},
  publisher={ISO IEC}
}
